% Encoding: UTF-8

@Article{VanEkenstein1997,
  author       = {Van Ekenstein, G. O. R. A. and Deuring, H. and Ten Brinke, G. and Ellis, T. S.},
  title        = {Blends of Caprolactam/Caprolactone Copolymers and Chlorinated Polymers},
  journal      = {Polymer},
  journaltitle = {Polymer},
  year         = {1997},
  date         = {1997-06},
  volume       = {38},
  number       = {12},
  pages        = {3025--3034},
  note         = {The International Journal for the Science and Technology of Polymers},
  issn         = {0032-3861},
  doi          = {10.1016/S0032-3861(96)00881-6},
  publisher    = {Elsevier},
}

@Book{Lamport1994,
  author     = {Lamport, Leslie},
  title      = {{\LaTeX}},
  year       = {1994},
  date       = {1994},
  subtitle   = {A Document Preparation System},
  titleaddon = {User's Guide and Reference Manual},
  edition    = {2},
  publisher  = {Addison-Wesley},
  location   = {Boston, MA, USA},
  isbn       = {0201529831},
}

@InCollection{Nriagu1988,
  author    = {Nriagu, Jerome O.},
  title     = {Historical Perspectives},
  booktitle = {Chromium in the Natural and Human Environments},
  year      = {1988},
  date      = {1988-03},
  editor    = {Nriagu, Jerome O. and Nieboer, Evert},
  volume    = {20},
  series    = {Advances in Environmental Science and Technology},
  note      = {A Wiley-Interscience Publication},
  publisher = {John Wiley {\&} Sons},
  location  = {New York, NY, USA},
  isbn      = {0471856436},
  chapter   = {1},
  pages     = {1--19},
}

@InProceedings{Wizentier1992,
  author     = {Wizentier, S. E. and Boschi, A. O. and Vieira, J. M.},
  title      = {Fabricação de Membranas Cerâmicas para Microfiltração},
  booktitle  = {Anais do 10.{\textordmasculine} Congresso Brasileiro de Engenharia e Ciências dos Materiais},
  year       = {1992},
  date       = {1992-12},
  eventtitle = {10.{\textordmasculine} Congresso Brasileiro de Engenharia e Ciências dos Materiais},
  eventdate  = {1992-12},
  venue      = {Águas de Lindóia, SP},
  pages      = {230--238},
}

@Misc{UTFPR2018,
  author       = {UTFPR},
  title        = {Câmpus Ponta Grossa},
  year         = {2018},
  date         = {2018},
  howpublished = {Portal da Universidade Tecnológica Federal do Paraná (UTFPR)},
  note         = {Galeria de fotos},
  location     = {Ponta Grossa, PR},
  url          = {http://portal.utfpr.edu.br/comunicacao/galeria-de-fotos/},
  urldate      = {2018-11-05},
}

@PhdThesis{Faina2000,
  author      = {Faina, Luis Fernando},
  title       = {Uma arquitetura para suporte a ubiquidade dos serviços de telecomunicações baseada na arquitetura TINA e em agentes moveis},
  institution = {Faculdade de Engenharia Elétrica e de Computação, Universidade Estadual de Campinas},
  year        = {2000},
  date        = {2000-12},
  location    = {Campinas, SP},
  pagetotal   = {175},
  url         = {http://repositorio.unicamp.br/jspui/handle/REPOSIP/260519},
  urldate     = {2018-11-05},
}

@Comment{jabref-meta: databaseType:biblatex;}

% Minhas Citações da Dissertação

%%
%%%% REFERÊNCIAS
%% Conjunto padronizado de elementos descritivos retirados de um documento, que permite sua identificação individual.
%%
%% Adicione neste arquivo as suas referências no formato BibTeX, conforme exemplos apresentados no arquivo
%% "exemplos-referencias.bib".

% REIS, M; et al. Forest fires and deforestation in the central Amazon: Effects of landscape and climate on spatial and temporal dynamics. Journal of Environmental Management. vol. 288, p. 112310, 2021.
% 
@ARTICLE{Reis2021,
  AUTHOR   = {Reis, Mateus dos and GraÇa, Paulo Maurício Lima de Alencastro and Yanai, Aurora Miho and Ramos, Camila Julia Pacheco and Fearnside, Philip Martin},
  TITLE    = {Forest fires and deforestation in the central Amazon},
  JOURNAL  = {Journal of Environmental Management},
  YEAR     = {2021},
  VOLUME   = {288},
  NUMBER   = {},
  PAGES    = {112310},
  MONTH    = {},
  SUBTITLE = {Effects of landscape and climate on spatial and temporal dynamics}
}

@online{INPE,
    author  = {Instituto Nacional de Pesquisas Espaciais - INPE},
    title   = {Incrementos de desmatamento - Amazônia Legal - estados},
    url     = {https://bityl.co/5Qx1},
    year    = 2021,
    note    = {Acesso em: 18 maio 2021}
}

@online{IPAM,
    author  = {IPAM},
    title   = {A importância das florestas em pé},
    url     = {https://bit.ly/3f5ak7L},
    year    = 2021,
    note    = {Acesso em: 20 maio 2021}
}

@online{IBF,
    author  = {IBF},
    title   = {Bioma Mata Atlântica},
    url     = {https://bit.ly/36Pv3uU},
    year    = {2022},
    note    = {Acesso em: 03 abril 2022}
}

% PENATTI, O.A.B; NOGUEIRA, K; SANTOS, A. Towards better exploiting convolutional neural networks for remote sensing scene classification. Pattern Recogn. v. 61, p. 539-556, Jan. 2017.

@ARTICLE{PEN_NOG_SAN,
  AUTHOR   = {Keiller Nogueira and Otávio A. B. Penatti and Jefersson A. dos Santos},
  TITLE    = {Towards better exploiting convolutional neural networks for remote sensing scene classification},
  JOURNAL  = {Pattern Recogn},
  YEAR     = {2017},
  VOLUME   = {61},
  NUMBER   = {},
  PAGES    = {539-556},
  MONTH    = {Jan},
  SUBTITLE = {}
}

% LECUN, Y.; et al. Gradient-based learning applied to document recognition. Proceedings of the IEEE, v. 86, n. 11, p. 2278-2324, 1998.

@CONFERENCE{Lecun1998,
  AUTHOR       = {Lecun, Y},
  TITLE        = {Gradient-based learning applied to document recognition},
  BOOKTITLE    = {},
  YEAR         = {1998},
  EDITOR       = {},
  PAGES        = {2278-2324},
  MONTH        = {},
  PUBLISHER    = {Proceedings of the IEEE},
  VOLUME       = {86}
}

% LIMA, B.; FERREIRA, L.; MOURA, J. Helping to detect legal swimming pools  with  deep  learning  and  data  visualization. Procedia  Computer Science, v. 181, p. 1058–1065, 2021.

@ARTICLE{Lima2021,
   AUTHOR       = {Bruno Lima and Luís Ferreira and João Martinho Moura},
  TITLE         = {Helping to detect legal swimming pools  with  deep  learning  and  data  visualization},
  JOURNAL       = {Procedia  Computer Science},
  YEAR          = {2021},
  VOLUME        = {181},
  NUMBER        = {},
  PAGES         = {1058-1065},
  MONTH         = {},
  SUBTITLE      = {}
}

% XIONG, C.; LI, Q.; LU, X. Automated regional seismic damage assessment of buildings using an unmanned aerial vehicle and a convolutional neural network. Automation in Construction, v. 109, p. 102994, Out. 2020.

@ARTICLE{Xiong2020,
   AUTHOR       = {C. XIONG and Q. LI and X. LU},
  TITLE         = {Automated regional seismic damage assessment of buildings using an unmanned aerial vehicle and a convolutional neural network},
  JOURNAL       = {Automation in Construction},
  YEAR          = {2020},
  VOLUME        = {109},
  NUMBER        = {},
  PAGES         = {102994},
  MONTH         = {Out},
  SUBTITLE      = {}
}

% FERREIRA, A. S; et al. Weed detection in soybean crops using ConvNets. Computers and Electronics in Agriculture, v. 143, p. 314-324, 2017.

@ARTICLE{Ferreira2017,
   AUTHOR       = {Ferreira, A. dos Santos and Freitas, M. Daniel and Silva, G. Gercina and Pistori, Hemerson and Folhes, T. Marcelo},
  TITLE         = {Weed detection in soybean crops using ConvNets},
  JOURNAL       = {Computers and Electronics in Agriculture},
  YEAR          = {2017},
  VOLUME        = {143},
  NUMBER        = {},
  PAGES         = {314-324},
  MONTH         = {},
  SUBTITLE      = {}
}

% ZHAOKUN; et al. A lightweight multi-scale aggregated model for detecting aerial images captured by UAVs. Journal of Visual Communication and Image Representation, v. 77, p. 103058, 2021.

@ARTICLE{Shaokun2021,
  AUTHOR       = {Li, Zhaokun and Liu, Xueliang and Zhao, Ye and Liu, Bo and Huang, Zhen and Hong, Richang},
  TITLE         = {A lightweight multi-scale aggregated model for detecting aerial images captured by UAVs},
  JOURNAL       = {Journal of Visual Communication and Image Representation},
  YEAR          = {2021},
  VOLUME        = {77},
  NUMBER        = {},
  PAGES         = {103058},
  MONTH         = {},
  SUBTITLE      = {}
}

% RUSSAKOVSKY, O; et al. Imagenet large scale visual recognition challenge. Int. J. Comput. Vision, v. 115 (3), p. 211-252, 2015.
@ARTICLE{Russakovsky2015,
  AUTHOR       = {Russakovsky, Olga and Deng, Jia and Su, Hao and Krause, Jonathan and Satheesh, Sanjeev and Ma, Sean and Huang, Zhiheng and Karpathy, Andrej and Khosla, Aditya and Bernstein, Michael and Berg, C. Alexander and Fei-Fei, Li},
  TITLE         = {Imagenet large scale visual recognition challenge},
  JOURNAL       = {Computer Vision and Pattern Recognition},
  YEAR          = {2015},
  VOLUME        = {115 (3)},
  NUMBER        = {},
  PAGES         = {211-252},
  MONTH         = {},
  SUBTITLE      = {}
}



% EVERINGHAM, M; et al. The pascal visual object classes challenge: A retrospective. Int. J. Comput. Vision, v. 111 n. 1, p. 98-136, 2015.

@ARTICLE{Everingham2015,
  AUTHOR       = {Everingham, Mark and Eslami, S. M. Ali and Gool, Luc Van and Christopher, K. I. Williams and Winn, John and Zisserman, Andrew},
  TITLE         = {The pascal visual object classes challenge},
  JOURNAL       = {International Journal of Computer Vision},
  YEAR          = {2015},
  VOLUME        = {111},
  NUMBER        = {1},
  PAGES         = {98-136},
  MONTH         = {},
  SUBTITLE      = {A retrospective}
}

% KRIZHEVSKY, A.; SUTSKEVER, I.; HINTON, G. E. Imagenet classification with deep
% convolutional neural networks. In: ADVANCES IN NEURAL INFORMATION PROCESSING SYSTEMS. Proceedings... USA: Curran Associates Inc. p. 1097-1105. 2012.

@INPROCEEDINGS{Alex2012,
  AUTHOR       = {Krizhevsky, Alex and Sutskever, Ilya and Hinton, Geoffrey E.},
  TITLE        = {Imagenet classification with deep convolutional neural networks},
  BOOKTITLE    = {},
  YEAR         = {2012},
  EDITOR       = {Curran Associates Inc},
  PAGES        = {1097-1105},
  ADDRESS      = {USA},
  MONTH        = {Maio}
}

% SIMONYAN, K.; ZISSERMAN, A. Very deep convolutional networks for large-scale
% image recognition. In: INTERNATIONAL CONFERENCE ON LEARNING REPRESENTATIONS (ICLR). San Diego, CA. Proceedings… San Diego, (CA), 2015.

@INPROCEEDINGS{Zisserman2015,
  AUTHOR       = {Simonyan, Karen and Zisserman, Andrew},
  TITLE        = {Very deep convolutional networks for large-scale image recognition},
  BOOKTITLE    = {},
  YEAR         = {2015},
  EDITOR       = {INTERNATIONAL CONFERENCE ON LEARNING REPRESENTATIONS (ICLR)},
  PAGES        = {},
  ADDRESS      = {San Diego (CA)},
  MONTH        = {Abr}
}

% SANT'ANNA, A. A; COSTA, L. Environmental regulation and bail outs under weak state capacity: Deforestation in the Brazilian Amazon. Ecological Economics, v. 186, p. 107071, 2021.

@ARTICLE{Costa2021,
  AUTHOR        = {Sant'Anna, A. Albuquerque and Costa, Lucas},
  TITLE         = {Environmental regulation and bail outs under weak state capacity},
  SUBTITLE      = {Deforestation in the Brazilian Amazon},
  JOURNAL       = {Ecological Economics},
  YEAR          = {2021},
  VOLUME        = {186},
  NUMBER        = {},
  PAGES         = {107071},
  MONTH         = {ago}
}

% NOVO, Evlyn Márcia Leão de Moraes. Sensoriamento remoto: princípios e aplicações. 4. ed. São Paulo: Edgard Blücher, 2010. 387 p. ISBN 9788521205401.
@BOOK{novo2010,
  AUTHOR    = {Novo, Evlyn M. L. de Moraes},
  TITLE     = {Sensoriamento Remoto},
  PUBLISHER = {Edgard Blücher Ltda},
  YEAR      = {2010},
  ADDRESS   = {São Paulo, SP},
  MONTH     = {},
  PAGES     = {387},
  EDITION   = {4},
  ISBN      = {9788521205401},
  SUBTITLE  = {Princípios e Aplicações}
}

% Yi Yang and Shawn Newsam, "Bag-Of-Visual-Words and Spatial Extensions for Land-Use Classification," ACM SIGSPATIAL International Conference on Advances in Geographic Information Systems (ACM GIS), 2010.

@CONFERENCE{Yang2010,
  AUTHOR       = {Yang, Yi and Newsam, Shawn},
  TITLE        = {Bag-Of-Visual-Words and Spatial Extensions for Land-Use Classification},
  BOOKTITLE    = {},
  YEAR         = {2010},
  EDITOR       = {},
  PAGES        = {270-279},
  MONTH        = {Nov},
  PUBLISHER    = {ACM SIGSPATIAL International Conference on Advances in Geographic Information Systems (ACM GIS)},
  VOLUME       = {}
}

@ARTICLE{Virnodkar2020,
  AUTHOR        = {Virnodkar, Shyamal S. and Pachghare, Vinod K. and KumarJha, V.C.PatilbSunil},
  TITLE         = {CaneSat dataset to leverage convolutional neural networks for sugarcane classification from Sentinel-2},
  SUBTITLE      = {},
  JOURNAL       = {Journal of King Saud University - Computer and Information Sciences},
  YEAR          = {2020},
  VOLUME        = {},
  NUMBER        = {},
  PAGES         = {},
  MONTH         = {Set}
}

% XIA, G-S; et al. DOTA: A large-scale dataset for object detection in aerial images. In: IEEE CONFERENCE ON COMPUTER VISION AND PATTERN RECOGNITION (CVPR). Boston, MA. Proceedings… Boston, (MA), p. 3974–3983, 2015.

@INPROCEEDINGS{Xia2015,
  AUTHOR        = {Xia, Gui-Song and Bai, Xiang and Ding, Jian and Zhu, Zhen and Belongie, Serge and Luo, Jiebo and Datcu, Mihai and Pelillo, Marcello and Zhang, Liangpei},
  TITLE         = {DOTA},
  BOOKTITLE     = {},
  YEAR          = {2015},
  EDITOR        = {IEEE CONFERENCE ON COMPUTER VISION AND PATTERN RECOGNITION (CVPR)},
  PAGES         = {3974-3983},
  ADDRESS       = {Boston (MA)},
  MONTH         = {},
  SUBTITLE      = {A large-scale dataset for object detection in aerial images}
}

% XIA, G.-S; et al. AID: A benchmark data set for performance evaluation of aerial scene classification. IEEE Trans. Geosci. Remote Sens. v. 55, n. 7, p. 3965-3981, 2017.

@ARTICLE{Xia2017,
  AUTHOR        = {Xia, Gui-Song and Hu, Jingwen and Hu, Fan and Shi, Baoguang and Bai, Xiang and Zhong, Yanfei and Zhang, Liangpei},
  TITLE         = {AID},
  SUBTITLE      = {A benchmark data set for performance evaluation of aerial scene classification},
  JOURNAL       = {IEEE Trans. Geosci. Remote Sens},
  YEAR          = {2017},
  VOLUME        = {55},
  NUMBER        = {7},
  PAGES         = {3965-3981},
  MONTH         = {}
}

% PENATTI, O.A.B., NOGUEIRA, K., SANTOS, J.A. Do deep features generalize from everyday objects to remote sensing and aerial scenes domains? In: IEEE CONFERENCE ON COMPUTER VISION AND PATTERN RECOGNITION (CVPR). Boston, MA. Proceedings… Boston, (MA), p. 44–51, Jun. 2015.

@INPROCEEDINGS{Penatti2015,
  AUTHOR        = {Penatti, Otávio A. B. and Nogueira, Keiller and Santos, Jefersson A. dos},
  TITLE         = {Do deep features generalize from everyday objects to remote sensing and aerial scenes domains?},
  BOOKTITLE     = {},
  YEAR          = {2015},
  EDITOR        = {IEEE CONFERENCE ON COMPUTER VISION AND PATTERN RECOGNITION (CVPR)},
  PAGES         = {44-51},
  ADDRESS       = {Boston (MA)},
  MONTH         = {Jun},
  SUBTITLE      = {}
}

@ARTICLE{Basu2015,
  AUTHOR        = {Basu, Saikat and Ganguly, Sangram and Mukhopadhyay, Supratik and DiBiano, Robert and Karki, Manohar and Nemani, Ramakrishna},
  TITLE         = {DeepSat},
  SUBTITLE      = {A Learning framework for Satellite Imagery},
  JOURNAL       = {Computer Vision and Pattern Recognition},
  YEAR          = {2015},
  VOLUME        = {},
  NUMBER        = {},
  PAGES         = {},
  MONTH         = {}
}

% G.-S. Xia, W. Yang, J. Delon, Y. Gousseau, H. Sun, and H. Maˆıtre, “Structural high-resolution satellite image indexing,” in ISPRS TC VII Symposium-100 Years ISPRS, vol. 38, 2010, pp. 298–303.

@CONFERENCE{Xia2010,
  AUTHOR       = {Xia, Gui-Song and Yang, Wen and Delon, Julie and Gousseau, Yann and Sun, Hong and Maître, Henri},
  TITLE        = {Structural high-resolution satellite image indexing},
  BOOKTITLE    = {},
  YEAR         = {2010},
  EDITOR       = {},
  PAGES        = {298-303},
  MONTH        = {Fev},
  PUBLISHER    = {ISPRS TC VII Symposium-100 Years ISPRS},
  VOLUME       = {38}
}

% HELBER, P; et al. Eurosat: A novel dataset and deep learning benchmark for land use and land cover classification. In: IEEE J. SEL. TOP. APPL. EARTH OBS. REMOTE SENS. Valencia, SP. Proceedings… Valencia, (SP), p. 2217-2226, Jul. 2018.

@INPROCEEDINGS{Helber2018,
  AUTHOR        = {Helber, Patrick and Bischke, Benjamin and Dengel, Andreas and Borth, Damian},
  TITLE         = {EuroSAT},
  BOOKTITLE     = {},
  YEAR          = {2018},
  EDITOR        = {IEEE J. SEL. TOP. APPL. EARTH OBS. REMOTE SENS},
  PAGES         = {2217-2226},
  ADDRESS       = {Valencia (ES)},
  MONTH         = {Jul},
  SUBTITLE      = {A Novel Dataset and Deep Learning Benchmark for Land Use and Land Cover Classification}
}

@BOOK{Gonzalez2009,
  AUTHOR    = {Gonzalez, Rafael C. and Woods, Richard E.},
  TITLE     = {Processamento Digital de Imagens},
  PUBLISHER = {Pearson},
  EDITION   = {3},
  YEAR      = {2010},
  ADDRESS   = {São Paulo, SP},
  MONTH     = {},
  PAGES     = {644},
  SUBTITLE  = {}
}

% PEDRINI, H.; SCHWARTZ, W. Análise de Imagens Digitais: Princípios, algoritmos e Aplicações, 1. ed. São Paulo: Thomson Learning, 2008.
% https://integrada.minhabiblioteca.com.br/reader/books/9788522128365/pageid/0

@BOOK{Pedrini2008,
  AUTHOR    = {PEDRINI, H. and SCHWARTZ, W.},
  TITLE     = {Análise de Imagens Digitais},
  PUBLISHER = {Cengage Learning},
  EDITION   = {1},
  YEAR      = {2008},
  ADDRESS   = {São Paulo, SP},
  MONTH     = {},
  PAGES     = {528},
  SUBTITLE  = {Princípios, algoritmos e Aplicações}
}

% ARNAB, A et al. Conditional Random Fields Meet Deep Neural Networks for Semantic Segmentation: Combining Probabilistic Graphical Models with Deep Learning for Structured Prediction. IEEE Signal Processing Magazine. v. 35. n. 1 p. 37-52, 2018.

@ARTICLE{Arnab2018,
  AUTHOR   = {Arnab, Anurag and Zheng, Shuai and Jayasumana, Sadeep and Paredes, Bernardino R. and Larsson, Måns and Kirillov, Alexander and Savchynskyy, Bogdan and Rother, Carsten and Kahl, Fredrik and Torr, Philip H.S.},
  TITLE    = {{Conditional Random Fields Meet Deep Neural Networks for
Semantic Segmentation}},
  JOURNAL  = {IEEE Signal Processing Magazine},
  YEAR     = {2018},
  VOLUME   = {35},
  NUMBER   = {1},
  PAGES    = {37--52},
  MONTH    = {},
  SUBTITLE = {Combining Probabilistic Graphical Models with Deep
Learning for Structured Prediction}
}

% LECUN, Y.; BENGIO, Y.; HINTON, G. Deep learning. Nature, Nature Publishing Group, v. 521, n. 7553, p. 436, 2015.

@ARTICLE{LecunBH2015,
  AUTHOR   = {LECUN, Yann and BENGIO, Yoshua and HINTON, Geoffrey},
  TITLE    = {{Deep learning}},
  JOURNAL  = {Nature Publishing Group},
  YEAR     = {2015},
  VOLUME   = {521},
  NUMBER   = {7553},
  PAGES    = {436},
  MONTH    = {},
  SUBTITLE = {}
}

@ARTICLE{Arel2010,
  AUTHOR   = {Arel, Itamar and Rose, Derek C. and Karnowski, Thomas P.},
  TITLE    = {{Deep Machine Learning}},
  JOURNAL  = {IEEE Computational Intelligence Magazine},
  YEAR     = {2010},
  VOLUME   = {5},
  NUMBER   = {},
  PAGES    = {13--18},
  MONTH    = {nov},
  SUBTITLE = {A New Frontier in Artificial Intelligence Research}
}

% LECUN, Y; CORTES, C, BURGES, C. The MNIST database of handwritten digits. Disponível em: http://yann.lecun.com/exdb/mnist. Acesso em 17 Maio 2021.

@online{LecunCB2021,
    author  = {LECUN, Y and CORTES, C. and BURGES, C.},
    title   = {The MNIST database of handwritten digits},
    url     = {http://yann.lecun.com/exdb/mnist},
    year    = 2021,
    note    = {Acesso em: 17 maio 2021}
}

% KWOLEK, B. Face detection using convolutional neural networks and Gabor filters. In: LECTURE NOTES IN COMPUTER SCIENCE. Berlin, DE. Proceedings… Berlin, (DE): Springer-Verlag, p. 551-556, Set. 2005.

@INPROCEEDINGS{Kwolek2005,
  AUTHOR        = {KWOLEK, B.},
  TITLE         = {Face detection using convolutional neural networks and Gabor filters},
  BOOKTITLE     = {},
  YEAR          = {2005},
  EDITOR        = {LECTURE NOTES IN COMPUTER SCIENCE},
  PAGES         = {551--556},
  ADDRESS       = {Berlin (DE)},
  MONTH         = {Set},
  SUBTITLE      = {}
}

% HUANG, F. J; LECUN, Y. Large-scale learning with SVM and convolutional nets for generic object categorization. In IEEE COMPUTER SOCIETY CONFERENCE ON COMPUTER VISION AND PATTERN RECOGNITION (CVPR'06). New York, NY. Proceedings… New York, (NY), Jun. 2006.

@INPROCEEDINGS{Huang2006,
  AUTHOR        = {HUANG, F. J and LECUN, Y.},
  TITLE         = {Large-scale learning with SVM and convolutional nets for generic object categorization},
  BOOKTITLE     = {},
  YEAR          = {2006},
  EDITOR        = {IEEE COMPUTER SOCIETY CONFERENCE ON COMPUTER VISION AND PATTERN RECOGNITION (CVPR'06)},
  PAGES         = {},
  ADDRESS       = {New York, NY},
  MONTH         = {Jun},
  SUBTITLE      = {}
}

% CHUNG, J.; et al. Gated feedback recurrent neural networks. In: PROCEEDINGS OF THE 32ND INTERNATIONAL CONFERENCE ON MACHINE LEARNING ICML 15. Lille, FR. Proceedings… Lille, (FR): JMLR, p. 2067-2075, Jul. 2015.

@INPROCEEDINGS{Chung2015,
  AUTHOR        = {Chung, Junyoung and Gulcehre, Caglar and Cho, Kyunghyun and Bengio, Yoshua},
  TITLE         = {Gated feedback recurrent neural networks},
  BOOKTITLE     = {},
  YEAR          = {2015},
  EDITOR        = {PROCEEDINGS OF THE 32ND INTERNATIONAL CONFERENCE ON MACHINE LEARNING ICML 15},
  PAGES         = {2067--2075},
  ADDRESS       = {Lille, FR},
  MONTH         = {Jul},
  SUBTITLE      = {}
}

@ARTICLE{Hu2018,
  AUTHOR       = {Hu, Fan and Xia, Gui-Song and Yang, Wen and Zhang, Liangpei},
  TITLE         = {Recent advances and opportunities in scene classification of aerial images with deep models},
  JOURNAL       = {Computer Vision and Pattern Recognition},
  YEAR          = {2018},
  VOLUME        = {},
  NUMBER        = {},
  PAGES         = {211-252},
  MONTH         = {Jun},
  SUBTITLE      = {}
}

% KHAN S.; et al. A Guide to Convolutional Neural Networks for Computer Vision. London: Morgan & Claypool, 2018.

@BOOK{Khan2018,
  AUTHOR    = {Khan, Salman and Rahmani, Hossein and Shah, S. A. Ali and Bennamoun, Mohammed and Medioni, Gerard and Dickinson, Sven},
  TITLE     = {A Guide to Convolutional Neural Networks for Computer Vision},
  PUBLISHER = {Morgan & Claypool},
  YEAR      = {2018},
  ADDRESS   = {London, UK},
  MONTH     = {fev},
  PAGES     = {207},
  SUBTITLE  = {},
  EDITION   = {1}
}

% SZEGEDY, C.; et al. Going deeper with convolutions. In: IEEE CONFERENCE ON COMPUTER VISION AND PATTERN RECOGNITION (CVPR). Boston, MA. Proceedings… Boston, (MA), p. 1-9, 2015.

@INPROCEEDINGS{Szegedy2014,
  AUTHOR        = {Szegedy, Christian and Liu, Wei and Jia, Yangqing and Sermanet, Pierre and Reed, Scott and Anguelov, Dragomir and Erhan, Dumitru and Vanhoucke, Vincent and Rabinovich, Andrew},
  TITLE         = {Going Deeper with Convolutions},
  BOOKTITLE     = {},
  YEAR          = {2014},
  EDITOR        = {IEEE CONFERENCE ON COMPUTER VISION AND PATTERN RECOGNITION (CVPR)},
  PAGES         = {1--9},
  ADDRESS       = {Boston, MA},
  MONTH         = {Set},
  SUBTITLE      = {}
}

% SIMONYAN, K.; ZISSERMAN, A. Very deep convolutional networks for large-scale image recognition. In: INTERNATIONAL CONFERENCE ON LEARNING REPRESENTATIONS (ICLR). San Diego, CA. Proceedings… San Diego, (CA), 2015.

@INPROCEEDINGS{Simonyan2015,
  AUTHOR        = {Simonyan, Karen and Zisserman, Andrew},
  TITLE         = {Very Deep Convolutional Networks for Large-Scale Image Recognition},
  BOOKTITLE     = {3rd International Conference on Learning Representations, {ICLR} 2015, San Diego, CA, USA, May 7-9, 2015, Conference Track Proceedings},
  YEAR          = {2015},
  EDITOR        = {INTERNATIONAL CONFERENCE ON LEARNING REPRESENTATIONS (ICLR)},
  PAGES         = {1--9},
  ADDRESS       = {San Diego, CA, USA},
  MONTH         = {Maio},
  SUBTITLE      = {}
}

% MILLETARI, F.; NAVAB, N.; AHMADI, S. V-net: Fully convolutional neural networks for volumetric medical image segmentation. In: FOURTH INTERNATIONAL CONFERENCE ON 3D VISION (3DV). Stanford, CA. Proceedings... Stanford, (CA), p. 565-571, 2016.

@INPROCEEDINGS{Milletari2016,
  AUTHOR        = {MILLETARI, F. and NAVAB, N. and AHMADI, S.},
  TITLE         = {V-net: Fully convolutional neural networks for volumetric medical image segmentation},
  BOOKTITLE     = {},
  YEAR          = {2016},
  EDITOR        = {FOURTH INTERNATIONAL CONFERENCE ON 3D VISION (3DV)},
  PAGES         = {565--571},
  ADDRESS       = {California, CA, USA},
  MONTH         = {Out},
  SUBTITLE      = {}
}

% CHAI, D.; NEWSAM, S.; HUANG, J. Aerial image semantic segmentation using DCNN predicted distance maps. ISPRS J. Photogramm. Remote Sens., v. 161, p. 309-322, Mar. 2020.

@ARTICLE{Chai2020,
  AUTHOR    = {CHAI, D. and NEWSAM, S. and HUANG, J.},
  TITLE     = {Aerial image semantic segmentation using DCNN predicted distance maps},
  JOURNAL   = {ISPRS Journal of Photogrammetry and Remote Sensing},
  YEAR      = {2020},
  VOLUME    = {161},
  NUMBER    = {},
  PAGES     = {309--322},
  MONTH     = {Mar},
  SUBTITLE  = {}
}

% BADRINARAYANAN, V.; KENDALL, A.; CIPOLLA, R. Segnet: a deep convolutional encoder-decoder architecture for image segmentation. IEEE Transactions on Pattern Analysis and Machine Intelligence, v. 39 n. 12, p. 2481-2495, Dez. 2017.

@ARTICLE{Badrinaraynan2017,
  AUTHOR    = {BADRINARAYANAN, V. and KENDALL, A. and CIPOLLA, R.},
  TITLE     = {Segnet},
  JOURNAL   = {IEEE Transactions on Pattern Analysis and Machine Intelligence},
  YEAR      = {2017},
  VOLUME    = {39},
  NUMBER    = {12},
  PAGES     = {2481--2495},
  MONTH     = {Dez},
  SUBTITLE  = {A deep convolutional encoder-decoder architecture for image segmentation}
}

% JUNIOR, L. A; et al. SegNetRes-CRF: A deep convolutional encoder-decoder architecture for semantic image segmentation. In: INTERNATIONAL JOINT CONFERENCE ON NEURAL NETWORKS (IJCNN). Rio de Janeiro, RJ. Proceedings… Rio de Janeiro, (RJ), Jul. 2018.

@INPROCEEDINGS{Junior2018,
  AUTHOR        = {Junior, L. A. de Oliveira and Medeiros, Heitor R. and Macêdo, David and Zanchettin, Cleber and Oliveira, Adriano L. I. and Ludermir, Teresa},
  TITLE         = {SegNetRes-CRF},
  BOOKTITLE     = {},
  YEAR          = {2018},
  EDITOR        = {INTERNATIONAL JOINT CONFERENCE ON NEURAL NETWORKS (IJCNN)},
  PAGES         = {1--6},
  ADDRESS       = {Rio de Janeiro, RJ},
  MONTH         = {Jul},
  SUBTITLE      = {A deep convolutional encoder-decoder architecture for semantic image segmentation}
}

% ANDERSON-BELL, J.; SCHILLACI, C.; LIPANI, A. Predicting non-residential building fire risk using geospatial information and convolutional neural networks. Remote Sens. Appl.: Soc. Environ., v. 21, p. 100470, Jan. 2021.

@ARTICLE{Andersonbell2021,
  AUTHOR    = {Anderson-bell, j. And schillaci, c. And lipani, a.},
  TITLE     = {Predicting Non-Residential Building Fire Risk using geospatial information and Convolutional Neural Networks},
  JOURNAL   = {Remote Sensing Applications Society and Environment},
  YEAR      = {2021},
  VOLUME    = {21},
  NUMBER    = {},
  PAGES     = {100470},
  MONTH     = {Jan},
  SUBTITLE  = {}
}

% EDINA, 2019. Digimap. Disponível em: https://digimap.edina.ac.uk/. Acesso em: 11 Maio 2021.

@ONLINE{EDINA,
  author  = {EDINA},
  title   = {Digimap},
  url     = {https://digimap.edina.ac.uk/},
  year    = 2019,
  note    = {Acesso em: 11 maio 2021}
}

% GETMAPPING, 2019. Getmapping - UK aerial photography. Disponível em https://www.getmapping. com/. Acesso em: 11 Maio 2021.

@ONLINE{GETMAPPING,
  author  = {GETMAPPING},
  title   = {Getmapping - UK aerial photography},
  url     = {https://www.getmapping. com/},
  year    = 2019,
  note    = {Acesso em: 11 maio 2021}
}

% OCHOA, K. S.; GUO, Z. A framework for the management of agricultural resources with automated aerial imagery detection. Comput Electron Agric, v. 162, p. 53-69, 2019.

@ARTICLE{Ochoa2019,
  AUTHOR    = {OCHOA, K. S. and GUO, Z.},
  TITLE     = {A framework for the management of agricultural resources with automated aerial imagery detection},
  JOURNAL   = {Comput Electron Agric},
  YEAR      = {2019},
  VOLUME    = {162},
  NUMBER    = {},
  PAGES     = {53--69},
  MONTH     = {},
  SUBTITLE  = {}
}

% REDMON, J; et al. You only look once: Unified, realtime object detection. In: IEEE CONFERENCE ON COMPUTER VISION AND PATTERN RECOGNITION. Las Vegas, NV. Proceedings… Las Vegas, (NV) p. 779–788, Jun. 2016.

@INPROCEEDINGS{Redmon2016,
  AUTHOR        = {Redmon, Joseph and Divvala, Santosh and Girshick, Ross and Farhadi, Ali},
  TITLE         = {You only look once},
  BOOKTITLE     = {},
  YEAR          = {2016},
  EDITOR        = {IEEE CONFERENCE ON COMPUTER VISION AND PATTERN RECOGNITION},
  PAGES         = {779--788},
  ADDRESS       = {Las Vejas, NV},
  MONTH         = {Jun},
  SUBTITLE      = {Unified, realtime object detection}
}

% QIN, K.; et al. RADC-Net: A residual attention based convolution network for aerial scene classification. Neurocomputing, Neurocomputing, v. 377, p. 345-359, 2020.

@ARTICLE{Bi2020,
  AUTHOR    = {Bi, Qi and Qin, K. and Zhang, Han and Li, Zhili and Xu, Kai},
  TITLE     = {RADC-Net},
  JOURNAL   = {Neurocomputing},
  YEAR      = {2020},
  VOLUME    = {},
  NUMBER    = {},
  PAGES     = {345--359},
  MONTH     = {},
  SUBTITLE  = {A residual attention based convolution network for aerial scene classification}
}

% LUMNITZ, S.; et al. Mapping trees along urban street networks with deep learning and street-level imagery. ISPRS Journal of Photogrammetry and Remote Sensing, v. 175, p. 144-157, 2021.

@ARTICLE{Lumnitz2021,
  AUTHOR    = {Lumnitz, Stefanie and Devisscher, Tahia and Mayaud, Jerome R. and Radic, Valentina and Coops, Nicholas C. and Griesse, Verena C.},
  TITLE     = {Mapping trees along urban street networks with deep learning and street-level imagery Author links open overlay panel},
  JOURNAL   = {ISPRS Journal of Photogrammetry and Remote Sensing},
  YEAR      = {2021},
  VOLUME    = {175},
  NUMBER    = {},
  PAGES     = {144--157},
  MONTH     = {},
  SUBTITLE  = {}
}

% BOLEI, Z. COCO + Places 2017 Challenge. Disponível em https://places-coco2017.github.io. Acesso em: 12 Maio 2021.

@ONLINE{Bolei2017,
  author  = {Bolei, Z},
  title   = {COCO + Places 2017 Challenge},
  url     = {https://places-coco2017.github.io},
  year    = 2017,
  note    = {Acesso em: 12 maio 2021}
}

% HAFEMANN, L. G. An analysis of deep neural networks for texture classification.89f. Dissertação (mestrado) -Programa de Pós-Graduação em Informática, Setor de Ciências Exatas, Universidade Federal do Paraná, Curitiba, 2014.

@MASTERSTHESIS{Hafemann,
  AUTHOR  = {Hafemann, Luiz G.},
  TITLE   = {An analysis of deep neural networks for texture classification},
  SCHOOL  = {Programa de Pós-Graduação em Informática, Setor de Ciências Exatas, Universidade Federal do Paraná},
  YEAR    = {2014},
  ADDRESS = {Curitiba},
  MONTH   = {Nov},
  PAGES   = {76}
}

@ARTICLE{Gholamalinezhad2020,
  AUTHOR    = {Gholamalinezhad, Hossein and Khosravi, Hossein},
  TITLE     = {Pooling Methods in Deep Neural Networks, a Review},
  JOURNAL   = {Computer Vision and Pattern Recognition},
  YEAR      = {2020},
  VOLUME    = {},
  NUMBER    = {},
  PAGES     = {144--157},
  MONTH     = {Set},
  SUBTITLE  = {}
}


% KARN, U. An Intuitive Explanation of Convolutional Neural Networks. 2016. Disponível em:<https://ujjwalkarn.me/2016/08/11/intuitive-explanation-convnets>.Acesso em: 17 nov. 2018.

@ONLINE{Karn2016,
  author  = {Karn, U},
  title   = {An Intuitive Explanation of Convolutional Neural Networks},
  url     = {https://ujjwalkarn.me/2016/08/11/intuitive-explanation-convnets},
  year    = 2016,
  note    = {Acesso em: 21 jan. 2022}
}

% Onishi, M., and Ise, T. (2021). Explainable identification and mapping of trees using UAV RGB image and deep learning. Scientific Reports, 11 (1). https://doi.org/10.1038/s41598-020-79653-9

@ARTICLE{Onishi2021,
  AUTHOR    = {Onishi, Masanori and Ise, Takeshi},
  TITLE     = {Explainable identification and mapping of trees using UAV RGB image and deep learning},
  JOURNAL   = {Scientific Reports},
  YEAR      = {2021},
  VOLUME    = {11},
  NUMBER    = {},
  PAGES     = {903},
  MONTH     = {Jan},
  SUBTITLE  = {}
}

% Carranza-Rojas,  J.;  Goeau,  H.;  Bonnet,  P.;  Mata-Montero,  E.;  Joly,  A.  Going  deeper  in  the  automatedidentification of Herbarium specimens.BMC Evol. Biol.2017,17, 181. [CrossRef]

@ARTICLE{Carranza2017,
  AUTHOR    = {Carranza-Rojas, Jose and Goeau, Herve and Bonnet, Pierre and Mata-Montero, Erick and Joly, Alexis},
  TITLE     = {Going  deeper in the automatedidentification of Herbarium specimens},
  JOURNAL   = {BMC Ecology and Evolution},
  YEAR      = {2017},
  VOLUME    = {17},
  NUMBER    = {},
  PAGES     = {181},
  MONTH     = {},
  SUBTITLE  = {},
  CROSSREF  = {http://dx.doi.org/10.1186/s12862-017-1014-z}
}

% Esteva, A.; Kuprel, B.; Novoa, R.A.; Ko, J.; Swetter, S.M.; Blau, H.M.; Thrun, S. Dermatologist-level classification of skin cancer with deep neural networks. Nature 2017, 542, 115–118. [CrossRef]

@ARTICLE{Esteva2017,
  AUTHOR    = {Esteva, Andre and Kuprel, Brett and Novoa, Roberto A. and Ko, Justin and Swetter, Susan M. and Blau, Helen M. and Thrun, Sebastian},
  TITLE     = {Dermatologist-level classification of skin cancer with deep neural networks},
  JOURNAL   = {Nature},
  YEAR      = {2017},
  VOLUME    = {542},
  NUMBER    = {},
  PAGES     = {115--118},
  MONTH     = {},
  SUBTITLE  = {},
  CROSSREF  = {http://dx.doi.org/10.1038/nature21056}
}

@ARTICLE{Marfut2020,
  AUTHOR    = {de Lima, Rafael P. and Marfurt, Kurt},
  TITLE     = {Convolutional Neural Network for Remote-Sensing Scene Classification},
  JOURNAL   = {Remote Sensing},
  YEAR      = {2020},
  VOLUME    = {12},
  NUMBER    = {1},
  PAGES     = {86},
  MONTH     = {},
  SUBTITLE  = {Transfer Learning Analysis},
  CROSSREF  = {}
}

% De Lima, R.P.; Bonar, A.; Coronado, D.D.; Marfurt, K.; Nicholson, C. Deep convolutional neural networks as a geological image classification tool. Sediment. Rec. 2019, 17, 4–9. [CrossRef]

@ARTICLE{Coronado2019,
  AUTHOR    = {de Lima, R. Pires and Bonar, A. and Coronado, D. and Marfurt, K. and  Nicholson, Charles D.},
  TITLE     = {Deep convolutional neural networks as a geological image classification tool},
  JOURNAL   = {The Sedimentary Record},
  YEAR      = {2019},
  VOLUME    = {17},
  NUMBER    = {},
  PAGES     = {4--9},
  MONTH     = {},
  SUBTITLE  = {},
  CROSSREF  = {http://dx.doi.org/10.2110/sedred.2019.2.4}
}

% Weinstein, B.G.; Marconi, S.; Bohlman, S.; Zare, A.; White, E. Individual Tree-Crown Detection in RGB Imagery Using Semi-Supervised Deep Learning Neural Networks. Remote Sens. 2019, 11, 1309. [CrossRef]

@ARTICLE{Weinstein2019,
  AUTHOR    = {Weinstein, B.G. and Marconi, S. and Bohlman, S. and Zare, A. and White, E.},
  TITLE     = {Individual Tree-Crown Detection in RGB Imagery Using Semi-Supervised Deep Learning Neural Networks},
  JOURNAL   = {Remote Sens.},
  YEAR      = {2019},
  VOLUME    = {11},
  NUMBER    = {},
  PAGES     = {1309},
  MONTH     = {},
  SUBTITLE  = {},
  CROSSREF  = {http://dx.doi.org/10.3390/rs11111309}
}

@MISC{Sarkar2018,
  AUTHOR       = {Sarkar, Dipanjan},
  TITLE        = {A Comprehensive Hands-on Guide to Transfer Learning with Real-World Applications in Deep Learning},
  HOWPUBLISHED = {Towards Data Science},
  MONTH        = {Nov},
  YEAR         = {2018},
  ORGANIZATION = {},
  URL          = {https://towardsdatascience.com/a-comprehensive-hands-on-guide-to-transfer-learning-with-real-world-applications-in-deep-learning-212bf3b2f27a},
  URLACCESSDATE = {25 jan. 2022}
}

% @MISC{Imagenet2020,
%   AUTHOR       = {},
%   TITLE        = {ImageNet},
%   HOWPUBLISHED = {Stanford Vision Lab},
%   MONTH        = {},
%   YEAR         = {2020},
%   ORGANIZATION = {},
%   URL          = {https://image-net.org/},
%   URLACCESSDATE = {25 jan. 2022}
% }

% DENG, J. et al. Imagenet: A large-scale hierarchical image database. In: IEEE. 2009 IEEE conference on computer vision and pattern recognition. [S.l.], 2009. p. 248–255.
@INPROCEEDINGS{Imagenet2009,
  author={Deng, Jia and Dong, Wei and Socher, Richard and Li, Li-Jia and Kai Li and Li Fei-Fei},
  booktitle={2009 IEEE Conference on Computer Vision and Pattern Recognition}, 
  title={ImageNet: A large-scale hierarchical image database}, 
  year={2009},
  volume={},
  number={},
  pages={248--255},
  doi={10.1109/CVPR.2009.5206848}
}


@MISC{cifar10,
  AUTHOR       = {Krizhevsky, Alex},
  TITLE        = {CIFAR-10},
  HOWPUBLISHED = {Google},
  MONTH        = {},
  YEAR         = {2013},
  ORGANIZATION = {Google},
  URL          = {https://www.cs.toronto.edu/~kriz/cifar.html},
  URLACCESSDATE = {15 abr. 2022}
}

% LEE, H.; et al.Fully automated deep learning system for bone age assessment.Journal of digital imaging, v. 30, n. 4, p. 427-441, 2017

@ARTICLE{Lee2017,
  AUTHOR    = {Lee, Hyunkwang and Alkasab, Tarik and Tajmir, Shahein and Choy, Garry},
  TITLE     = {Fully Automated Deep Learning System for Bone Age Assessment},
  JOURNAL   = {Journal of digital imaging},
  YEAR      = {2017},
  VOLUME    = {30},
  NUMBER    = {4},
  PAGES     = {427--441},
  MONTH     = {Mar},
  SUBTITLE  = {},
  CROSSREF  = {}
}

@ARTICLE{Shawky2020,
  AUTHOR    = {Shawky, Osama A. and Hagag, Ahmed and El-Dahshan, El Sayed A. and Ismail, Manal A.},
  TITLE     = {Remote sensing image scene classification using CNN-MLP with data augmentation},
  JOURNAL   = {Optik},
  YEAR      = {2020},
  VOLUME    = {221},
  NUMBER    = {},
  PAGES     = {165356},
  MONTH     = {Jun},
  SUBTITLE  = {},
  CROSSREF  = {}
}

@ARTICLE{Srivastava2014,
  AUTHOR    = {Srivastava, Nitish and Hinton, Geoffrey and Krizhevsky, Alex and Salakhutdinov, Ruslan},
  TITLE     = {Dropout},
  JOURNAL   = {The Journal of Machine Learning Research},
  YEAR      = {2014},
  VOLUME    = {15},
  NUMBER    = {},
  PAGES     = {1929--1958},
  MONTH     = {Jan},
  SUBTITLE  = {A Simple Way to Prevent Neural Networks from Overfitting},
  CROSSREF  = {}
}

% WU, H.; GU, X. Towards dropout training for convolutional neural networks.Neural Networks, v. 71, p.1-10, 2015

@ARTICLE{Wu2015,
  AUTHOR    = {WU, H. and GU, X.},
  TITLE     = {Towards dropout training for convolutional neural networks},
  JOURNAL   = {Neural Networks},
  YEAR      = {2015},
  VOLUME    = {71},
  NUMBER    = {},
  PAGES     = {1--10},
  MONTH     = {},
  SUBTITLE  = {},
  CROSSREF  = {}
}
@ARTICLE{Barre2017,
  AUTHOR    = {Barré, P. and Stover, B. C. and Muller, K. F. and Steinhage, V.},
  TITLE     = {LeafNet},
  JOURNAL   = {Ecol. Inform},
  YEAR      = {2017},
  VOLUME    = {40},
  NUMBER    = {50--56},
  PAGES     = {1--10},
  MONTH     = {},
  SUBTITLE  = {A computer vision system for automatic plantspecies identification},
  CROSSREF  = {https://doi.org/10.1016/j.ecoinf.2017.05.005}
}

% GOOGLE, INC.. OpenSocial - Google Code. Dispon´ıvel em: http://code.google.com/apis/opensocial, 2010. Acesso em: julho de 2011.

@MISC{Colab,
  AUTHOR       = {},
  TITLE        = {Google Colab},
  HOWPUBLISHED = {},
  MONTH        = {},
  YEAR         = {2021},
  ORGANIZATION = {GOOGLE, INC.},
  URL          = {https://colab.research.google.com/},
  URLACCESSDATE = {25 nov. 2021}
}

@INPROCEEDINGS{Sharma2021,
  AUTHOR        = {Sharma, Neha and Sharma, Reecha and Jindal, Neeru},
  TITLE         = {Machine Learning and Deep Learning Applications},
  BOOKTITLE     = {},
  YEAR          = {2021},
  VOLUME        = {2},
  EDITOR        = {Global Transitions Proceedings},
  PAGES         = {24--28},
  ADDRESS       = {Bangalor, IN},
  MONTH         = {Jun},
  PUBLISHER     = {1st International Conference on Advances in Information, Computing and Trends in Data Engineering},
  SUBTITLE      = {A Vision}
}

% J. A. Hertz, A. S. Krogh, and R. G. Palmer, Introduction to the Theory of Neural Computacion. Basic Books, 1991, vol. 1.

@BOOK{Hertz1991,
  AUTHOR    = {Hertz, J. A. and Krogh, A. S. and Palmer, R. G.},
  TITLE     = {Introduction to the Theory of Neural Computacion},
  PUBLISHER = {Westview Press},
  YEAR      = {1991},
  ADDRESS   = {},
  MONTH     = {},
  PAGES     = {327},
  EDITION   = {1},
  SUBTITLE  = {}
}

% HAYKIN, Simon. Redes Neurais. [Digite o Local da Editora]: Grupo A, 2011. 9788577800865. Disponível em: https://integrada.minhabiblioteca.com.br/#/books/9788577800865/. Acesso em: 11 fev. 2022.

@BOOK{Haykin2000,
  AUTHOR    = {Haykin, Simon},
  TITLE     = {Redes Neurais},
  PUBLISHER = {Bookman},
  YEAR      = {2000},
  ADDRESS   = {},
  MONTH     = {},
  PAGES     = {898},
  EDITION   = {2},
  SUBTITLE  = {Princípios e Prática}
}

@MISC{IBM2020,
  AUTHOR       = {},
  TITLE        = {Redes Neurais},
  HOWPUBLISHED = {IBM Cloud Education},
  MONTH        = {Ago},
  YEAR         = {2020},
  ORGANIZATION = {IBM},
  URL          = {https://www.ibm.com/br-pt/cloud/learn/neural-networks#toc-tipos-de-r-DbL0dXJo},
  URLACCESSDATE = {11 fev. 2022}
}

@MASTERSTHESIS{Freudenberg2019,
  AUTHOR  = {Freudenberg, Maximilian U.},
  TITLE   = {Tree Detection in Remote Sensing Imagery Baumerkennung in Fernerkundungs-Bildmaterial},
  SCHOOL  = {Burckhardt Institute},
  YEAR    = {2019},
  ADDRESS = {Gottingen, Alemanha},
  MONTH   = mar,
  PAGES   = {85}
}

@INPROCEEDINGS{Santana2017,
  author={Santana, Tiago M. H. C. and Nogueira, Keiller and Machado, Alexei M. C. and dos Santos, Jefersson A.},
  booktitle={2017 IEEE International Geoscience and Remote Sensing Symposium (IGARSS)}, 
  title={Deep contextual description of superpixels for aerial urban scenes classification}, 
  year={2017},
  volume={},
  number={},
  pages={3027-3031},
  doi={10.1109/IGARSS.2017.8127636}
}

@article{Liu2018,
  author = {Yansui Liu},
  title = {Introduction to land use and rural sustainability in China},
  journal = {Land Use Policy},
  volume = {74},
  pages = {1-4},
  year = {2018},
  note = {Land use and rural sustainability in China},
  issn = {0264-8377},
  doi = {https://doi.org/10.1016/j.landusepol.2018.01.032},
  url = {https://www.sciencedirect.com/science/article/pii/S0264837717315636},
}

% Peterson, J. M., Caldas, M. M., Bergtold, J. S., Sturm, B. S., Graves, R. W., Earnhart, D., Hanley, E. A., & Brown, J. C. (2013, July 4). Economic Linkages to Changing Landscapes. Environmental Management, 53(1), 55–66. https://doi.org/10.1007/s00267-013-0116-7
@article{Peterson2014,
  author = {Peterson, J. M. and Caldas, M. M. and Bergtold, J. S. and Sturm, B. S. and Graves, R. W. and Earnhart, D. and Hanley, E. A. and & Brown, J. C.},
  title = {Economic Linkages to Changing Landscapes},
  journal = {Environmental Management},
  volume = {53},
  pages = {55--56},
  year = {2014},
  doi = {https://doi.org/10.1007/s00267-013-0116-7}
}

% Gerlak A. K. (2014). Policy interactions in human-landscape systems. Environmental management, 53(1), 67–75. https://doi.org/10.1007/s00267-013-0068-y
@article{Gerlak2014,
  author = {Andrea K. Gerlak},
  title = {Policy interactions in human-landscape systems. Environmental management},
  journal = {Environmental Management},
  volume = {53},
  pages = {67--75},
  year = {2014},
  doi = {https://doi.org/10.1007/s00267-013-0068-y}
}

% Borràs, J., Delegido, J., Pezzola, A., Pereira, M., Morassi, G., & Camps-Valls, G. (2017, June 20). Clasificación de usos del suelo a partir de imágenes Sentinel-2. Revista De Teledetección, 48, 55. https://doi.org/10.4995/raet.2017.7133
@article{Borras2017,
  author = {Borràs, J. and Delegido, J. and Pezzola, A. and Pereira, M. and Morassi, G. and Camps-Valls, G.},
  title = {Land use classification from Sentinel-2 imagery},
  journal = {Revista De Teledetección},
  volume = {48},
  pages = {55},
  year = {2017},
  doi = {https://doi.org/10.4995/raet.2017.7133}
}

@article{Stephen2022,
  author = {Stephen V. Stehman and John Mousoupetros and Ronald E. McRoberts and Erik Næsset and Bruce W. Pengra and Dingfan Xing and Josephine A. Horton},
  title = {Incorporating interpreter variability into estimation of the total variance of land cover area estimates under simple random sampling},
  journal = {Remote Sensing of Environment},
  volume = {269},
  pages = {112806},
  year = {2022},
  issn = {0034-4257},
  doi = {https://doi.org/10.1016/j.rse.2021.112806},
  url = {https://www.sciencedirect.com/science/article/pii/S0034425721005265},
}

% Zin, T.T.; Lin, J.C.-W. Big Data Analysis and Deep Learning Applications. In Proceedings of the First
% International Conference on Big Data Analysis and Deep Learning; Springer: Berlin, Germany, 2018.
@INPROCEEDINGS{Thithi2018,
  author={Thi Thi Zin and Jerry Chun-Wei Lin},
  title={Big Data Analysis and Deep Learning Applications}, 
  booktitle={Proceedings of the First International Conference on Big Data Analysis and Deep Learning}, 
  year={2018},
  volume={},
  number={},
  pages={3027-3031},
  doi={},
  address={Berlin, Germany},
}

% Publications, U. N. (Ed.). (2021, August 30). The Sustainable Development Goals Report 2021.
@BOOK{UN2021,
  AUTHOR    = {Publications, U. N.},
  TITLE     = {The Sustainable Development Goals Report 2021},
  PUBLISHER = {},
  YEAR      = {2021},
  ADDRESS   = {New York, NY},
  MONTH     = {Julho},
  PAGES     = {},
  EDITION   = {},
  SUBTITLE  = {}
}

% ((o))eco, R. (2015, June 29). O que é uma Área de Proteção Ambiental - ((o))eco. ((O))Eco. https://oeco.org.br/dicionario-ambiental/29203-o-que-e-uma-area-de-protecao-ambiental/
@ONLINE{Eco2015,
  author  = {Eco, R},
  title   = {O que é uma Área de Proteção Ambiental},
  url     = {https://oeco.org.br/dicionario-ambiental/29203-o-que-e-uma-area-de-protecao-ambiental/},
  year    = 2015,
  note    = {Acesso em: 24 fev 2023}
}


% CORREIA, F. P.; LEAO, S. A. D. S. GESTÃO PARTICIPATIVA DE UNIDADES DE CONSERVAÇÃO DA NATUREZA: reflexões a partir da Área de Proteção Ambiental da Região de Maracanã, São Luís-MA, Brasil. In: VII JORNADA INTERNACIONAL POLÍTICAS PÚBLICAS, VII., 2015, Maranhão. Anais [...]. Maranhão: Universidade Federal do Maranhão - UFMA, 2015.
@INPROCEEDINGS{Leao2015,
  AUTHOR       = {Fabiana Pereira Correia and Shirley Amélia da Silva Leao},
  TITLE        = {GESTÃO PARTICIPATIVA DE UNIDADES DE CONSERVAÇÃO DA NATUREZA},
  SUBTITLE     = {reflexões a partir da Área de Proteção Ambiental da Região de Maracanã, São Luís-MA, Brasil},
  BOOKTITLE    = {VII JORNADA INTERNACIONAL POLÍTICAS PÚBLICAS},
  YEAR         = {2015},
  EDITOR       = {Universidade Federal do Maranhão - UFMA},
  PAGES        = {},
  ADDRESS      = {São Luiz, Maranhão, Brasil},
  MONTH        = {Agosto}
}

% MINISTÉRIO DO MEIO AMBIENTE. Departamento de Educação Ambiental. Unesco. Vamos cuidar do Brasil: conceitos e práticas em educação ambiental na escola. Brasília, 2007a.
@ONLINE{APA2023,
  author  = {BRASIL, MINISTÉRIO DO MEIO AMBIENTE},
  title   = {APA da Região Serrana de Petrópolis},
  url     = {https://www.gov.br/icmbio/pt-br/assuntos/biodiversidade/unidade-de-conservacao/unidades-de-biomas/mata-atlantica/lista-de-ucs/apa-da-regiao-serrana-de-petropolis},
  year    = {2023},
  note    = {Acesso em: 24 fev 2023},
  urldate = {2023-02-24},
}

% % Flávio Jorge Ponzoni, Yosio Edemir Shimabukuro, Tatiana Mora Kuplich
% % PONZONI, F. J.; SHIMABUKURO, E. E.; KUPLICH, T. M. Sensoriamento remoto da vegetação. 2 .ed. São Paulo: Oficina de Textos, 2012.
@BOOK{Ponzoni2012,
    AUTHOR    = {Flávio Jorge Ponzoni and Yosio Edemir Shimabukuro and Tatiana Mora Kuplich},
    TITLE     = {Sensoriamento remoto da vegetação},
    PUBLISHER = {Oficina de Textos},
    YEAR      = {2012},
    ADDRESS   = {São Paulo, SP},
    MONTH     = {},
    PAGES     = {176},
    EDITION   = {2},
    SUBTITLE  = {}
}

% VOLPI, M.; TUIA, D. Dense semantic labeling of sub-decimeter resolution images with convolutional neural networks. IEEE Transactions on Geoscience and Remote Sensing, p. 1–13, 2016. 
@ARTICLE{Volpi2017,
  AUTHOR    = {Michele Volpi and Devis Tuia},
  TITLE     = {Dense Semantic Labeling of Subdecimeter Resolution Images With Convolutional Neural Networks},
  JOURNAL   = {IEEE Transactions on Geoscience and Remote Sensing},
  PUBLISHER = {Institute of Electrical and Electronics Engineers ({IEEE})},
  YEAR      = {2017},
  VOLUME    = {55},
  NUMBER    = {2},
  PAGES     = {881--893},
  MONTH     = {},
  SUBTITLE  = {},
  URL       = {"https://doi.org/10.1109%2Ftgrs.2016.2616585"},
  DOI       = {10.1109/tgrs.2016.2616585}
}

@INPROCEEDINGS{Gonzalo2016,
  AUTHOR    = {Consuelo Gonzalo-Martin and A Garcia-Pedrero and Mario Lillo and Ernestina Menasalvas},
  TITLE     = {Deep learning for superpixel-based classification of remote sensing images},
  BOOKTITLE = {GEOBIA 2016 : Solutions and Synergies},
  JOURNAL   = {},
  PUBLISHER = {},
  YEAR      = {2016},
  VOLUME    = {},
  NUMBER    = {},
  PAGES     = {},
  MONTH     = {09},
  SUBTITLE  = {},
  DOI       = {10.3990/2.401},
  ADDRESS   = {Enshede, The Netherland},
}

@ARTICLE{Ma2019,
  AUTHOR    = {Ma, Lei and Liu, Yu and Zhang, Xueliang and Ye, Yuanxin and Yin, Gaofei and Johnson, Brian},
  TITLE     = {Deep learning in remote sensing applications: A meta-analysis and review},
  JOURNAL   = {ISPRS Journal of Photogrammetry and Remote Sensing},
  PUBLISHER = {},
  YEAR      = {2019},
  VOLUME    = {152},
  NUMBER    = {},
  PAGES     = {166--177},
  MONTH     = {04},
  SUBTITLE  = {},
  URL       = {},
  DOI       = {10.1016/j.isprsjprs.2019.04.015}
}

% Mizoguchi,  T.;  Ishii,  A.;  Nakamura,  H.;  Inoue,  T.;  Takamatsu,  H.   Lidar-based individual tree speciesclassification  using  convolutional  neural  network.InVideometrics, Range Imaging, and ApplicationsXIV;  International  Society  for  Optics  and  Photonics:   Bellingham,  WA,  USA,  2017;   Volume  10332.doi:10.1117/12.2270123
@INPROCEEDINGS{Mizoguchi2017,
  AUTHOR    = {Tomohiro Mizoguchi and Akira Ishii and Hiroyuki Nakamura and Tsuyoshi Inoue and Hisashi Takamatsu},
  TITLE     = {Lidar-based individual tree speciesclassification  using  convolutional  neural  network},
  BOOKTITLE = {Videometrics, Range Imaging, and Applications XIV},
  JOURNAL   = {International  Society  for  Optics  and  Photonics},
  PUBLISHER = {SPIE},
  organization = {International Society for Optics and Photonics},
  EDITOR    = {Fabio Remondino and Mark R. Shortis},
  YEAR      = {2017},
  VOLUME    = {10332},
  NUMBER    = {},
  PAGES     = {103320O},
  MONTH     = {06},
  SUBTITLE  = {},
  DOI       = {10.1117/12.2270123},
  URL = {https://doi.org/10.1117/12.2270123},
  ADDRESS   = {Bellingham,  WA,  USA},
}

% Torres-Sánchez J, López-Granados F, De Castro AI, Peña-Barragán JM. Configuration and specifications of an Unmanned Aerial Vehicle (UAV) for early site specific weed management. PLoS One. 2013;8(3):e58210. doi: 10.1371/journal.pone.0058210. Epub 2013 Mar 6. PMID: 23483997; PMCID: PMC3590160.
@article{Torres2013,
    doi = {10.1371/journal.pone.0058210},
    author = {Torres-Sánchez, Jorge AND López-Granados, Francisca AND De Castro, Ana Isabel AND Peña-Barragán, José Manuel},
    journal = {PLOS ONE},
    publisher = {Public Library of Science},
    title = {Configuration and Specifications of an Unmanned Aerial Vehicle (UAV) for Early Site Specific Weed Management},
    year = {2013},
    month = {03},
    volume = {8},
    url = {https://doi.org/10.1371/journal.pone.0058210},
    pages = {1-15},
    number = {3},
}

% Demarchi, L., van de Bund, W., Pistocchi, A., 2020. Object-based ensemble learning for
% pan-European Riverscape units mapping based on Copernicus VHR and EU-DEM data
% fusion. Remote Sens. 12, 1222. https://doi.org/10.3390/rs12071222
@Article{Demarchi2020,
  AUTHOR = {Demarchi, Luca and van de Bund, Wouter and Pistocchi, Alberto},
  TITLE = {Object-Based Ensemble Learning for Pan-European Riverscape Units Mapping Based on Copernicus VHR and EU-DEM Data Fusion},
  JOURNAL = {Remote Sensing},
  VOLUME = {12},
  YEAR = {2020},
  NUMBER = {7},
  URL = {https://www.mdpi.com/2072-4292/12/7/1222},
  ISSN = {2072-4292},
  DOI = {10.3390/rs12071222}
}

% Evandro Taquary et al. A NOVEL APPROACH TO RECOGNIZING PATTERNS IN REMOTE SENSING TIME-SERIES USING DEEP LEARNING. In: ANAIS DO XIX SIMPóSIO BRASILEIRO DE SENSORIAMENTO REMOTO, 2019, Santos. Anais eletrônicos... São José dos Campos, INPE, 2019. Disponível em: <https://proceedings.science/sbsr-2019/papers/a-novel-approach-to-recognizing-patterns-in-remote-sensing-time-series-using-deep-learning?lang=pt-br> Acesso em: 28 fev. 2023.
@INPROCEEDINGS{Evandro2019,
  AUTHOR       = {Evandro Taquary and Leandro Leal Parente and Ana Paula Matos e Silva and Laerte Guimarães Ferreira Júnior},
  TITLE        = {A NOVEL APPROACH TO RECOGNIZING PATTERNS IN REMOTE SENSING TIME-SERIES USING DEEP LEARNING},
  SUBTITLE     = {},
  BOOKTITLE    = {ANAIS DO XIX SIMPÓSIO BRASILEIRO DE SENSORIAMENTO REMOTO},
  YEAR         = {2019},
  EDITOR       = {SBSR 2019},
  PAGES        = {},
  ADDRESS      = {São José dos Campos, SP, Brasil},
  MONTH        = {04}
}

@Article{Huth2012,
AUTHOR = {Huth, Juliane and Kuenzer, Claudia and Wehrmann, Thilo and Gebhardt, Steffen and Tuan, Vo Quoc and Dech, Stefan},
TITLE = {Land Cover and Land Use Classification with TWOPAC: towards Automated Processing for Pixel- and Object-Based Image Classification},
JOURNAL = {Remote Sensing},
VOLUME = {4},
YEAR = {2012},
NUMBER = {9},
PAGES = {2530--2553},
URL = {https://www.mdpi.com/2072-4292/4/9/2530},
ISSN = {2072-4292},
DOI = {10.3390/rs4092530}
}

% Google. 2023. Google Maps/Google Earth.  Google.   https://www.google.com/permissions/geoguidelines/
@MISC{GE2023,
  AUTHOR       = {Google},
  TITLE        = {Google Maps/Google Earth},
  HOWPUBLISHED = {},
  MONTH        = {},
  YEAR         = {2023},
  ORGANIZATION = {GOOGLE, INC.},
  URL          = {https://www.google.com/permissions/geoguidelines/},
  URLACCESSDATE = {28 fev. 2023}
}

@article{Boardman2016,
title = {The value of Google Earth™ for erosion mapping},
journal = {CATENA},
volume = {143},
pages = {123--127},
year = {2016},
issn = {0341-8162},
doi = {https://doi.org/10.1016/j.catena.2016.03.031},
url = {https://www.sciencedirect.com/science/article/pii/S0341816216301187},
author = {John Boardman},
}

@techreport{Pesaresi2012,
	address = {Luxembourg (Luxembourg)},
	issn = {1018-5593 (print),1831-9424 (online)},
	year = {2012},
	author = {Pesaresi M and Blaes X and Ehrlich D and Ferri S and Haag F and Halkia S and Heinzel J and Kauffmann M and Kemper T and Soille P and Syrris V and Zanchetta L and Gueguen L and Ouzounis G and Scavazzon M},
	isbn = {978-92-79-27989-8 (print),978-92-79-27988-1 (pdf)},
	publisher = {Publications Office of the European Union},
	title = {A Global Human Settlement Layer from optical high resolution imagery - Concept and first results},
	type = {Technical guidance},
	url = {},
	doi = {10.2788/74059 (print) ,10.2788/73897(online)}
}

% Wei Hu, Yangyu Huang, Li Wei, Fan Zhang, Hengchao Li, "Deep Convolutional Neural Networks for Hyperspectral Image Classification", Journal of Sensors, vol. 2015, Article ID 258619, 12 pages, 2015. https://doi.org/10.1155/2015/258619

@Article{Hu2015,
  author={Hu, Wei and Huang, Yangyu and Wei, Li and Zhang, Fan and Li, Hengchao},
  title={Deep Convolutional Neural Networks for  Hyperspectral Image Classification},
  journal={Journal of Sensors},
  year={2015},
  month={Jul},
  day={30},
  publisher={Hindawi Publishing Corporation},
  volume={2015},
  pages={258619},
  issn={1687-725X},
  doi={10.1155/2015/258619},
  url={https://doi.org/10.1155/2015/258619}
}

% MARETTO, R. V.; FONSECA, L. M. G.; JACOBS, N.; KÖRTING, T. S.; BENDINI, H. N.; PARENTE, L. L. Spatio-temporal deep learning approach to map deforestation in Amazon Rainforest. IEEE Geoscience and Remote Sensing Letters (Undergoing Publication), 2020.

@ARTICLE{Maretto2021,
  author={Maretto, Raian V. and Fonseca, Leila M. G. and Jacobs, Nathan and Körting, Thales S. and Bendini, Hugo N. and Parente, Leandro L.},
  journal={IEEE Geoscience and Remote Sensing Letters}, 
  title={Spatio-Temporal Deep Learning Approach to Map Deforestation in Amazon Rainforest}, 
  year={2021},
  volume={18},
  number={5},
  pages={771-775},
  doi={10.1109/LGRS.2020.2986407}}

% BARBIN, H.S. Histórico da evolução do uso do solo e estudo dos espaços livres públicos de uma região do município de Piracicaba, SP. 2004. 196 f. Tese (Doutorado em Agronomia) – Escola Superior de Agricultura Luiz de Queiroz, Piracicaba, 2003.
@phdthesis{Barbin2003,
  author  = {H.S. Barbin},
  title   = {Histórico da evolução do uso do solo e estudo dos espaços livres públicos de uma região do município de Piracicaba, SP},
  school  = {Escola Superior de Agricultura Luiz de Queiroz},
  year    = {2003},
  type    = {Doutorado em Agronomia},
  address = {Piracicaba, SP},
  month   = {Dez},
  note    = {},
  annote  = {}
}

% ZALIDIS, G. Impacts of agricultural practices on soil and water quality in the mediterranean region and proposed assessment methodology. Agriculture, Ecosystems and Environment, v. 88, p. 137-146, 2002.
@article{Zalidis2002,
title = {Impacts of agricultural practices on soil and water quality in the Mediterranean region and proposed assessment methodology},
journal = {Agriculture, Ecosystems & Environment},
volume = {88},
number = {2},
pages = {137--146},
year = {2002},
note = {Soil Health as an Indicator of Sustainable Management},
issn = {0167-8809},
doi = {https://doi.org/10.1016/S0167-8809(01)00249-3},
url = {https://www.sciencedirect.com/science/article/pii/S0167880901002493},
author = {George Zalidis and Stamatis Stamatiadis and Vasilios Takavakoglou and Kent Eskridge and Nikolaos Misopolinos},
}


% IBGE. Instituto Brasileiro de Geografia e Estatística. Manual técnico de uso da terra. 2. ed. Rio de Janeiro: IBGE, 2006.
@manual{Ibge2022,
  title        = {Manual técnico de uso da terra},
  author       = {IBGE},
  organization = {Instituto Brasileiro de Geografia e Estatística},
  address      = {Rio de Janeiro, RJ},
  edition      = {2},
  month        = {},
  year         = {2022},
  note         = {},
  annote       = {}
}


@Article{Cao2019,
AUTHOR = {Cao, Cong and Dragićević, Suzana and Li, Songnian},
TITLE = {Land-Use Change Detection with Convolutional Neural Network Methods},
JOURNAL = {Environments},
VOLUME = {6},
YEAR = {2019},
NUMBER = {2},
ARTICLE-NUMBER = {25},
URL = {https://www.mdpi.com/2076-3298/6/2/25},
ISSN = {2076-3298},
DOI = {10.3390/environments6020025}
}

% NOVO,  M.  L.M.E;  PONZONI,  J.  F.  INTRODUÇÃO  AO  SENSORIAMENTO  REMOTO. 
% Instituto Nacional de Pesquisas Espaciais. São José dos Campos 81p. 2001.
 @BOOK{Ponzoni2001,
  AUTHOR    = {Evlyn L. M. Novo and Flávio J. Ponzoni},
  TITLE     = {INTRODUÇÃO  AO  SENSORIAMENTO  REMOTO},
  PUBLISHER = {Instituto Nacional de Pesquisas Espaciais},
  YEAR      = {2001},
  ADDRESS   = {São José dos Campos, SP},
  MONTH     = {},
  PAGES     = {68},
  EDITION   = {},
  SUBTITLE  = {}
}

@INPROCEEDINGS{Kumar2012,
  author={Dinesh A. Kumar and Shahul Hammed and Hanah Ayisha V Hyder Ali and Vigneshwar Manokar},
  booktitle={2012 12th International Conference on Hybrid Intelligent Systems (HIS)}, 
  title={Detecting diseased images by segmentation and classification based on semi-supervised learning}, 
  year={2012},
  volume={},
  number={},
  pages={549-554},
  doi={10.1109/HIS.2012.6421393}
}

% J. A. LORENZZETTI. Princípios físicos de sensoriamento remoto. Editora Blucher 2015 294. ISBN 9788521208365.
@BOOK{Lorenzzetti2015,
  AUTHOR    = {J. A. Lorenzzetti},
  TITLE     = {Princípios físicos de sensoriamento remoto},
  PUBLISHER = {Blucher},
  YEAR      = {2015},
  ADDRESS   = {São Paulo, SP},
  MONTH     = {},
  PAGES     = {292},
  EDITION   = {1},
  ISBN      = {978-85-2120-835-8},
  SUBTITLE  = {}
}

% MENESES, P.; SANO, E.; ASSAD, E. Introdução ao processamento de imagens digitais de
% satélites de sensoriamento remoto. [S.l.]: Editora Universidade de Brasília, 1991.

@BOOK{Meneses2012,
  AUTHOR    = {Paulo Roberto Meneses and Edson Eyji Sano and Tati de Almeida and Antonio Nuno de Castro Santa Rosa and Edilson Bias de Souza and Gustavo Macedo de Mello Baptista and Ricardo Seixas Brites},
  TITLE     = {Introdução ao processamento de imagens digitais de satélites de sensoriamento remoto},
  PUBLISHER = {Universidade de Brasília},
  YEAR      = {2012},
  ADDRESS   = {Brasília, DF},
  MONTH     = {},
  PAGES     = {276},
  EDITION   = {1},
  ISBN      = {},
  SUBTITLE  = {}
}

@inproceedings{Xing2020,
author = {Xing, Jifang and Ruixi, Zhang and Zen, Remmy and Arsa, Dewa Made Sri and Khalil, Ismail and Bressan, St\'{e}phane},
title = {Building Extraction from Google Earth Images},
year = {2020},
isbn = {9781450371797},
publisher = {Association for Computing Machinery},
address = {New York, NY, USA},
url = {https://doi.org/10.1145/3366030.3368456},
doi = {10.1145/3366030.3368456},
booktitle = {Proceedings of the 21st International Conference on Information Integration and Web-Based Applications &amp; Services},
pages = {502–-511},
numpages = {10},
location = {Munich, Germany},
}

% Crowder, D. A. (2007, February 23). Google Earth for Dummies. Hungry Minds. https://doi.org/10.1604/9780470095287
@BOOK{Crowder2007,
  AUTHOR    = {Crowder, D. A.},
  TITLE     = {Google Earth for Dummies},
  PUBLISHER = {For Dummies},
  YEAR      = {2007},
  ADDRESS   = {},
  MONTH     = {2},
  PAGES     = {360},
  EDITION   = {1},
  ISBN      = {},
  SUBTITLE  = {},
  DOI       = {10.1604/9780470095287}
}

@article{Lupia2016,
  author = {Giuseppe Pulighe and Valerio Baiocchi and Flavio Lupia},
  title = {Horizontal accuracy assessment of very high resolution Google Earth images in the city of Rome, Italy},
journal = {International Journal of Digital Earth},
volume = {9},
number = {4},
pages = {342--362},
year  = {2016},
publisher = {Taylor & Francis},
doi = {10.1080/17538947.2015.1031716},
URL = {https://doi.org/10.1080/17538947.2015.1031716}
}


@Article{Guo2016,
AUTHOR = {Guo, Zhiling and Shao, Xiaowei and Xu, Yongwei and Miyazaki, Hiroyuki and Ohira, Wataru and Shibasaki, Ryosuke},
TITLE = {Identification of Village Building via Google Earth Images and Supervised Machine Learning Methods},
JOURNAL = {Remote Sensing},
VOLUME = {8},
YEAR = {2016},
NUMBER = {4},
ARTICLE-NUMBER = {271},
URL = {https://www.mdpi.com/2072-4292/8/4/271},
ISSN = {2072-4292},
DOI = {10.3390/rs8040271}
}


@Article{Hu2013,
AUTHOR = {Hu, Qiong and Wu, Wenbin and Xia, Tian and Yu, Qiangyi and Yang, Peng and Li, Zhengguo and Song, Qian},
TITLE = {Exploring the Use of Google Earth Imagery and Object-Based Methods in Land Use/Cover Mapping},
JOURNAL = {Remote Sensing},
VOLUME = {5},
YEAR = {2013},
NUMBER = {11},
PAGES = {6026--6042},
URL = {https://www.mdpi.com/2072-4292/5/11/6026},
ISSN = {2072-4292},
DOI = {10.3390/rs5116026}
}

@article{Tiffany2012,
  author = {Tiffany R. Duhl and Alex Guenther and Detlev Helmig},
  title = {Estimating urban vegetation cover fraction using Google Earth® images},
  journal = {Journal of Land Use Science},
  volume = {7},
  number = {3},
  pages = {311--329},
  year  = {2012},
  publisher = {Taylor & Francis},
  doi = {10.1080/1747423X.2011.587207},
}


@article{Nicolas2017,
  author    = {Nicolas Audebert and Bertrand Le Saux and S{\'{e}}bastien Lef{\`{e}}vre},
  title     = {Joint Learning from Earth Observation and OpenStreetMap Data to Get Faster Better Semantic Maps},
  journal   = {CoRR},
  volume    = {abs/1705.06057},
  year      = {2017},
  url       = {http://arxiv.org/abs/1705.06057},
  eprinttype = {arXiv},
  eprint    = {1705.06057},
  timestamp = {Mon, 03 Jan 2022 22:03:26 +0100},
  biburl    = {https://dblp.org/rec/journals/corr/AudebertSL17a.bib},
}

@INPROCEEDINGS{Khanh2021,
  author={Nguyen-Khanh, Loi and Nguyen-Ngoc-Yen, Vy and Dinh-Quoc, Hung},
  booktitle={2021 8th NAFOSTED Conference on Information and Computer Science (NICS)}, 
  title={U-Net Semantic Segmentation of Digital Maps Using Google Satellite Images}, 
  year={2021},
  volume={},
  number={},
  pages={386--391},
  doi={10.1109/NICS54270.2021.9701566}
}

@article{Weijia2020,
author = {Weijia Li and Runmin Dong and Haohuan Fu and Jie Wang and Le Yu and Peng Gong},
title = {Integrating Google Earth imagery with Landsat data to improve 30-m resolution land cover mapping},
journal = {Remote Sensing of Environment},
volume = {237},
pages = {111563},
year = {2020},
doi = {https://doi.org/10.1016/j.rse.2019.111563},
url = {https://www.sciencedirect.com/science/article/pii/S0034425719305838},
}

@article{Chen2021,
  author = {Wei Chen and Yameng Xu and Zhe Zhang and Lan Yang and Xubin Pan and Zhe Jia},
  title = {Mapping agricultural plastic greenhouses using Google Earth images and deep learning},
  journal = {Computers and Electronics in Agriculture},
  volume = {191},
  pages = {106552},
  year = {2021},
  issn = {0168-1699},
  doi = {https://doi.org/10.1016/j.compag.2021.106552},
  url = {https://www.sciencedirect.com/science/article/pii/S016816992100569X},
}

@MISC{MapaApa,
  author  = {PETRÓPOLIS, Prefeitura Municipal de. Secretaria de Meio Ambiente.},
  title   = {APA da Região Serrana de Petrópolis},
  url     = {https://www.petropolis.rj.gov.br/sma/index.php/downloads/category/4-mapas.html},
  note    = {Acesso em: 23 mar 2023},
  year    = {2006},
  urldate = {2023-03-23},
}

% ECOTEMA (Instituto), 2003. Zoneamento Ambiental da APA Petrópolis. Convênio FNMA/IBAMA. Rio de Janeiro. 
@MISC{Ecotema,
  author  = {ECOTEMA, Instituto},
  title   = {Zoneamento Ambiental da APA Petrópolis},
  note    = {Convênio FNMA/IBAMA. Rio de Janeiro. },
  year    = {2003},
}

% ANACONDA INC. Anaconda Documentation: Release 2.0. 2018. Disponível em:<
% https://readthedocs.com/projects/continuumio-docs/downloads/pdf/latest/>. Acesso
% em: 8 dez. 2018.
@ONLINE{Miniconda,
  author  = {ANACONDA INC},
  title   = {Anaconda Documentation: Release 2.0},
  url     = {https://readthedocs.com/projects/continuumio-docs/downloads/pdf/latest},
  year    = 2023,
  note    = {Acesso em: 24 mar 2023}
}

% CUDA Toolkit Documentation 12.1. (2023, January 30). CUDA Toolkit Documentation 12.1. https://docs.nvidia.com/cuda/
@ONLINE{NvidiaCuda,
  author  = {{NVIDIA Corporation}},
  title   = {CUDA Toolkit Documentation 12.1},
  url     = {https://docs.nvidia.com/cuda/},
  year    = 2023,
  note    = {Acesso em: 24 mar 2023}
}

% ROSSUM, G. Python Reference Manual. Amsterdam, The Netherlands, The Netherlands, 1995.
@book{PythonManual,
 author = {Van Rossum, Guido},
 title = {Python 3 Reference Manual},
 year = {2009},
 isbn = {978-1441412690},
 publisher = {CreateSpace},
 address = {Scotts Valley, CA}
}

@inproceedings{pytorch,
  author={Paszke, Adam and Gross, Sam and Chintala, Soumith and Chanan, Gregory and Yang, Edward and DeVito, Zachary and Lin, Zeming and Desmaison, Alban and Antiga, Luca and Lerer, Adam},
  title={Automatic Differentiation in {PyTorch}},
  booktitle={NIPS Autodiff Workshop},
  year={2017}
}


% Introduction to ArcGIS Pro&mdash;ArcGIS Pro | Documentation. (n.d.). Introduction to ArcGIS Pro&Mdash;ArcGIS Pro | Documentation. https://pro.arcgis.com/en/pro-app/latest/get-started/get-started.htm
% ESRI 2011. ArcGIS Desktop: Release 10. Redlands, CA: Environmental Systems Research Institute.
@ONLINE{Arcgis,
  author  = {{ESRI INC.}},
  title   = {ArcGIS Pro},
  url     = {https://www.esri.com/pt-br/arcgis/products/arcgis-pro/overview},
  year    = 2023,
  note    = {Acesso em: 24 mar 2023}
}

@software{cvat,
author = {{CVAT.ai Corporation}},
license = {MIT},
month = sep,
title = {{Computer Vision Annotation Tool (CVAT)}},
url = {https://github.com/opencv/cvat},
version = {2.2.0},
year = {2022}
}

% @software{cvat,
%   author       = {CVAT.ai},
%   title        = {opencv/cvat: v2.4.0},
%   month        = mar,
%   year         = 2023,
%   publisher    = {Zenodo},
%   version      = {v2.4.0},
%   doi          = {10.5281/zenodo.7739965},
%   url          = {https://doi.org/10.5281/zenodo.7739965}
}

@article{Marcatto2022,
author = {Patrik Olã Bressan and José Marcato Junior and José Augusto {Correa Martins} and Maximilian Jaderson {de Melo} and Diogo Nunes Gonçalves and Daniel Matte Freitas and Ana Paula {Marques Ramos} and Michelle Taís {Garcia Furuya} and Lucas Prado Osco and Jonathan {de Andrade Silva} and Zhipeng Luo and Raymundo Cordero Garcia and Lingfei Ma and Jonathan Li and Wesley Nunes Gonçalves},
title = {Semantic segmentation with labeling uncertainty and class imbalance applied to vegetation mapping},
journal = {International Journal of Applied Earth Observation and Geoinformation},
volume = {108},
pages = {102690},
year = {2022},
issn = {1569-8432},
doi = {https://doi.org/10.1016/j.jag.2022.102690},
url = {https://www.sciencedirect.com/science/article/pii/S0303243422000162},
}

% Badrinarayanan, V., Kendall, A., and Cipolla, R. (2017). Segnet: A deep convolutional encoder-decoder architecture for image segmentation. IEEE transactions on pattern analysis and machine intelligence, 39(12):2481--2495
@ARTICLE{Segnet2017,
  author={Badrinarayanan, Vijay and Kendall, Alex and Cipolla, Roberto},
  journal={IEEE Transactions on Pattern Analysis and Machine Intelligence}, 
  title={SegNet: A Deep Convolutional Encoder-Decoder Architecture for Image Segmentation}, 
  year={2017},
  volume={39},
  number={12},
  pages={2481--2495},
  doi={10.1109/TPAMI.2016.2644615}
}

% RONNEBERGER, O.; FISCHER, P; BROX, T. U-Net: Convolutional networks for biomedical image segmentation. In: International Conference on Medical image computing and computer-assisted intervention. Springer, Cham, p. 234-241, 2015.
@article{Unet2015,
  author    = {Olaf Ronneberger and Philipp Fischer and Thomas Brox},
  title     = {U-Net: Convolutional Networks for Biomedical Image Segmentation},
  journal   = {CoRR},
  volume    = {abs/1505.04597},
  year      = {2015},
  url       = {http://arxiv.org/abs/1505.04597},
}

@article{Andre2021,
  author = {André {de Souza Brito} and Marcelo Bernardes Vieira and Mauren Louise Sguario Coelho {de Andrade} and Raul Queiroz Feitosa and Gilson Antonio Giraldi},
  title = {Combining max-pooling and wavelet pooling strategies for semantic image segmentation},
  journal = {Expert Systems with Applications},
  volume = {183},
  pages = {115403},
  year = {2021},
  issn = {0957-4174},
  doi = {https://doi.org/10.1016/j.eswa.2021.115403},
  url = {https://www.sciencedirect.com/science/article/pii/S0957417421008253},
}

% 2D Semantic Labeling Contest. http://www2.isprs.org/ commissions/comm3/wg4/semantic-labeling.html, 2014. Accessed: 2020-09-16.
% 2D Semantic Labeling. (2023, March 31). 2D Semantic Labeling. https://www.isprs.org/education/benchmarks/UrbanSemLab/semantic-labeling.aspx
@MISC{PotsVai2014,
  AUTHOR       = {{2D Semantic Labeling Contest}},
  TITLE        = {2D Semantic Labeling Contest},
  HOWPUBLISHED = {},
  MONTH        = {},
  YEAR         = {2014},
  ORGANIZATION = {},
  URL          = {https://www.isprs.org/education/benchmarks/UrbanSemLab/semantic-labeling.aspx},
  URLACCESSDATE = {28 mar. 2023}
}

% Kaiming He, Xiangyu Zhang, Shaoqing Ren, and Jian Sun. Delving deep into rectifiers: Surpassing human-level performance on imagenet classification. In Proceedings of the IEEE international conference on computer vision, pages 1026–1034, 2015.
@INPROCEEDINGS{Kaiming2015,
  author={He, Kaiming and Zhang, Xiangyu and Ren, Shaoqing and Sun, Jian},
  booktitle={2015 IEEE International Conference on Computer Vision (ICCV)}, 
  title={Delving Deep into Rectifiers: Surpassing Human-Level Performance on ImageNet Classification}, 
  year={2015},
  volume={},
  number={},
  pages={1026--1034},
  doi={10.1109/ICCV.2015.123}}


@article{EfficientNet,
  author    = {Mingxing Tan and Quoc V. Le},
  title     = {EfficientNet: Rethinking Model Scaling for Convolutional Neural Networks},
  journal   = {CoRR},
  volume    = {abs/1905.11946},
  year      = {2019},
  url       = {http://arxiv.org/abs/1905.11946},
  eprinttype = {arXiv},
  eprint    = {1905.11946},
  timestamp = {Mon, 03 Jun 2019 13:42:33 +0200},
  biburl    = {https://dblp.org/rec/journals/corr/abs-1905-11946.bib},
  bibsource = {dblp computer science bibliography, https://dblp.org}
}

% Yu Liu, Duc Minh Nguyen, Nikos Deligiannis, Wenrui Ding, and Adrian Munteanu. Hourglass-shapenetwork based semantic segmentation for high reso-lution aerial imagery. Remote Sensing, 9(6):522, 2017.

@Article{Deligiannis2017,
AUTHOR = {Liu, Yu and Minh Nguyen, Duc and Deligiannis, Nikos and Ding, Wenrui and Munteanu, Adrian},
TITLE = {Hourglass-ShapeNetwork Based Semantic Segmentation for High Resolution Aerial Imagery},
JOURNAL = {Remote Sensing},
VOLUME = {9},
YEAR = {2017},
NUMBER = {6},
URL = {https://www.mdpi.com/2072-4292/9/6/522},
ISSN = {2072-4292},
DOI = {10.3390/rs9060522}
}

% Saghar Farhangfar and Mehdi Rezaeian. Semantic segmentation of aerial images using fcn-based network. In 2019 27th Iranian Conference on Electrical Engineering (ICEE), pages 1864–1868. IEEE, 2019.
@INPROCEEDINGS{Farhangfar2019,
  author={Farhangfar, Saghar and Rezaeian, Mehdi},
  booktitle={2019 27th Iranian Conference on Electrical Engineering (ICEE)}, 
  title={Semantic Segmentation of Aerial Images using FCN-based Network}, 
  year={2019},
  volume={},
  number={},
  pages={1864--1868},
  doi={10.1109/IranianCEE.2019.8786455}
}

@ARTICLE{Watanabe2020,
  title    = "Identifying the vegetation type in Google Earth images using a
              convolutional neural network: a case study for Japanese bamboo
              forests",
  author   = "Watanabe, Shuntaro and Sumi, Kazuaki and Ise, Takeshi",
  journal  = "BMC Ecology",
  volume   =  20,
  number   =  1,
  pages    = "65",
  month    =  nov,
  year     =  2020
}

@book{Goodfellow2016,
    title={Deep Learning},
    author={Ian Goodfellow and Yoshua Bengio and Aaron Courville},
    publisher={MIT Press},
    note={\url{http://www.deeplearningbook.org}},
    year={2016}
}

@misc{grandini2020metrics,
      title={Metrics for Multi-Class Classification: an Overview}, 
      author={Margherita Grandini and Enrico Bagli and Giorgio Visani},
      year={2020},
      eprint={2008.05756},
      archivePrefix={arXiv},
      primaryClass={stat.ML}
}

@misc{powers2020,
      title={Evaluation: from precision, recall and F-measure to ROC, informedness, markedness and correlation}, 
      author={David M. W. Powers},
      year={2020},
      eprint={2010.16061},
      archivePrefix={arXiv},
      primaryClass={cs.LG}
}

@article{Yang2022, 
    author = {Yang, L., Driscol, J., Sarigai, S., Wu, Q., Lippitt, C. D., Morgan, M.}, 
    title = {Towards Synoptic Water Monitoring Systems: a Review Of Ai Methods For Automating Water Body Detection And Water Quality Monitoring Using Remote Sensing}, 
    journal = {Sensors}, 
    year = {2022}, 
    volume = {22}, 
    issue = {6}, 
    pages = {2416}, 
    doi = {10.3390/s22062416} 
}

@article{Islam2022, 
    author = {Islam, M. R., Mashfu, S. T., Faisal, A., Siam, S. C., Naheen, I. T., Khan, R.}, 
    title = {Deep Learning-based Glaucoma Detection With Cropped Optic Cup and Disc And Blood Vessel Segmentation}, 
    journal = {IEEE Access},
    year = {2022}, 
    volume = {10}, 
    pages = {2828-2841}, 
    doi = {10.1109/access.2021.3139160} 
}

@article{Wang2022, 
    author = {Wang, B., Yuan, F., Lv, Z., He, Y., Chen, Z., Hu, J., … & Liu, H.}, 
    title = {Improved U-net Fundus Image Segmentation Algorithm Integrating Effective Channel Attention}, 
    journal = {jist}, 
    year = {2022}, 
    volume = {66},
    issue = {4},
    pages = {040408-1-040408-8}, 
    doi = {10.2352/j.imagingsci.technol.2022.66.4.040408} 
}

@article{Sobel1968,
    author = {Sobel, Irwin and Feldman, Gary},
    year = {1968},
    month = {},
    pages = {271-272},
    title = {A 3 × 3 Isotropic Gradient Operator for Image Processing. A Talk at the Stanford Artificial Project},
    journal = {Pattern Classification and Scene Analysis}
}

@MISC{ELECTROMAGNETIC2013,
    author = {Rafael Helerbrock},
    HOWPUBLISHED = {BRASIL ESCOLA},
    title = {ESPECTRO ELETROMAGNÉTICO},
    subtitle = {O que é, usos, cores, frequências},
    year = {2023},
    URLACCESSDATE = {24 ago. 2023},
    url = {https://brasilescola.uol.com.br/fisica/espectro-eletromagnetico.htm}
}

@article{FangShi2023,
author = {Fang Shi and Boxiang Yang and Mingshi Li},
title = {An improved framework for assessing the impact of different urban development strategies on land cover and ecological quality changes -A case study from Nanjing Jiangbei New Area, China},
journal = {Ecological Indicators},
volume = {147},
pages = {109998},
year = {2023},
issn = {1470-160X},
doi = {https://doi.org/10.1016/j.ecolind.2023.109998},
url = {https://www.sciencedirect.com/science/article/pii/S1470160X23001401},
}

@ARTICLE{Alam2021,
  title    = "Convolutional Neural Network for the Semantic Segmentation of
              Remote Sensing Images",
  author   = "Alam, Muhammad and Wang, Jian-Feng and Guangpei, Cong and
              Yunrong, L V and Chen, Yuanfang",
  journal  = "Mobile Networks and Applications",
  volume   =  26,
  number   =  1,
  pages    =  {200--215},
  month    =  feb,
  year     =  2021
}

@article{Ruder2016,
  title={An overview of gradient descent optimization algorithms},
  author={Sebastian Ruder},
  journal={ArXiv},
  year={2016},
  volume={abs/1609.04747},
  url={https://api.semanticscholar.org/CorpusID:17485266}
}

@ARTICLE{Celoss2019,
  author={Li, Xiaoxu and Yu, Liyun and Chang, Dongliang and Ma, Zhanyu and Cao, Jie},
  journal={IEEE Transactions on Vehicular Technology}, 
  title={Dual Cross-Entropy Loss for Small-Sample Fine-Grained Vehicle Classification}, 
  year={2019},
  volume={68},
  number={5},
  pages={4204-4212},
  doi={10.1109/TVT.2019.2895651}
}

@misc{FocalLoss2020,
  author={Lin, Tsung-Yi and Goyal, Priya and Girshick, Ross and He, Kaiming and Dollár, Piotr},
  journal={IEEE Transactions on Pattern Analysis and Machine Intelligence}, 
  title={Focal Loss for Dense Object Detection}, 
  year={2017},
}
